% 1
@ARTICLE{jumper2021highly,
  title={Highly accurate protein structure prediction with AlphaFold},
  author={Jumper, John and Evans, Richard and Pritzel, Alexander and Green, Tim and Figurnov, Michael and Ronneberger, Olaf and Tunyasuvunakool, Kathryn and Bates, Russ and {\v{Z}}{\'\i}dek, Augustin and Potapenko, Anna and others},
  journal={Nature},
  volume={596},
  number={7873},
  pages={583--589},
  year={2021},
  publisher={Nature Publishing Group}
}
% 2
@misc{openai,
title={OpenAI ChatGPT},
howpublished = {\url{https://openai.com/chatgpt}},
note = {Accessed: 2023-12-11}
}
% 3
@misc{quantumhistory,
author={Louis Chen},
title={A Brief History of Quantum Computing},
howpublished = {\url{https://quantumpedia.uk/a-brief-history-of-quantum-computing-e0bbd05893d0}},
note = {Accessed: 2023-12-11},
year = {2023}
}
% 4
@misc{atomcomputing,
title={Quantum startup Atom Computing first to exceed 1,000 qubits},
howpublished = {\url{https://atom-computing.com/quantum-startup-atom-computing-first-to-exceed-1000-qubits/}},
note = {Accessed: 2023-12-11}
}
% 5
@article{castelvecchiibm,
  title={IBM releases first-ever 1,000-qubit quantum chip},
  author={Castelvecchi, Davide},
  journal={Nature}
}
% 6
@book{qiskitextbook2023,   
    author = {various authors},   
    year = {2023},   
    title = {Qiskit Textbook},   
    publisher = {Github},   
    url = {https://github.com/Qiskit/textbook}, 
}
% 7
@article{lloyd2014quantum,
  title={Quantum principal component analysis},
  author={Lloyd, Seth and Mohseni, Masoud and Rebentrost, Patrick},
  journal={Nature Physics},
  volume={10},
  number={9},
  pages={631--633},
  year={2014},
  publisher={Nature Publishing Group UK London}
}
% 8
@article{khoshaman2018quantum,
  title={Quantum variational autoencoder},
  author={Khoshaman, Amir and Vinci, Walter and Denis, Brandon and Andriyash, Evgeny and Sadeghi, Hossein and Amin, Mohammad H},
  journal={Quantum Science and Technology},
  volume={4},
  number={1},
  pages={014001},
  year={2018},
  publisher={IOP Publishing}
}
% 9
@article{dallaire2018quantum,
  title={Quantum generative adversarial networks},
  author={Dallaire-Demers, Pierre-Luc and Killoran, Nathan},
  journal={Physical Review A},
  volume={98},
  number={1},
  pages={012324},
  year={2018},
  publisher={APS}
}
% 10
@inproceedings{aimeur2007quantum,
  title={Quantum clustering algorithms},
  author={Aimeur, Esma and Brassard, Gilles and Gambs, Sebastien},
  booktitle={Proceedings of the 24th international conference on machine learning},
  pages={1--8},
  year={2007}
}
% 11
@article{peruzzo2013variational,
  title={A variational eigenvalue solver on a quantum processor. eprint},
  author={Peruzzo, A and others},
  journal={arXiv preprint arXiv:1304.3061},
  year={2013}
}
% 12
@article{havlivcek2019supervised,
  title={Supervised learning with quantum-enhanced feature spaces},
  author={Havl{\'\i}{\v{c}}ek, Vojt{\v{e}}ch and C{\'o}rcoles, Antonio D and Temme, Kristan and Harrow, Aram W and Kandala, Abhinav and Chow, Jerry M and Gambetta, Jay M},
  journal={Nature},
  volume={567},
  number={7747},
  pages={209--212},
  year={2019},
  publisher={Nature Publishing Group UK London}
}
% 13
@article{liu2021rigorous,
  title={A rigorous and robust quantum speed-up in supervised machine learning},
  author={Liu, Yunchao and Arunachalam, Srinivasan and Temme, Kristan},
  journal={Nature Physics},
  volume={17},
  number={9},
  pages={1013--1017},
  year={2021},
  publisher={Nature Publishing Group UK London}
}
% 14
@article{schuld2021supervised,
  title={Supervised quantum machine learning models are kernel methods},
  author={Schuld, Maria},
  journal={arXiv preprint arXiv:2101.11020},
  year={2021}
}
% 15
@article{suzuki2020analysis,
  title={Analysis and synthesis of feature map for kernel-based quantum classifier},
  author={Suzuki, Yudai and Yano, Hiroshi and Gao, Qi and Uno, Shumpei and Tanaka, Tomoki and Akiyama, Manato and Yamamoto, Naoki},
  journal={Quantum Machine Intelligence},
  volume={2},
  pages={1--9},
  year={2020},
  publisher={Springer}
}
% 16
@book{myrepo,   
    author = {Amanda M Turney},   
    year = {2023},   
    title = {QML},   
    publisher = {Github},   
    url = {https://github.com/amandaturney/qml/project}, 
}